
@article{gutTrajectoriesCellcycleProgression2015,
  title = {Trajectories of Cell-Cycle Progression from Fixed Cell Populations},
  author = {Gut, Gabriele and Tadmor, Michelle D. and Pe'er, Dana and Pelkmans, Lucas and Liberali, Prisca},
  year = {2015},
  month = oct,
  volume = {12},
  pages = {951--954},
  publisher = {{Nature Publishing Group}},
  issn = {1548-7105},
  doi = {10.1038/nmeth.3545},
  abstract = {Cycler constructs a trajectory of cell-cycle progression from fixed images of cells enabling the correlation of an individual cell's position in the cell cycle with multiple cellular readouts.},
  copyright = {2015 Nature Publishing Group, a division of Macmillan Publishers Limited. All Rights Reserved.},
  file = {/Users/ed6/Zotero/storage/46E7NR9B/Gut et al. - 2015 - Trajectories of cell-cycle progression from fixed .pdf;/Users/ed6/Zotero/storage/MTKWJJLU/nmeth.html},
  journal = {Nature Methods},
  language = {en},
  number = {10}
}

@article{lunTestingDifferentialAbundance2017,
  title = {Testing for Differential Abundance in Mass Cytometry Data},
  author = {Lun, Aaron T. L. and Richard, Arianne C. and Marioni, John C.},
  year = {2017},
  month = jul,
  volume = {14},
  pages = {707--709},
  publisher = {{Nature Publishing Group}},
  issn = {1548-7105},
  doi = {10.1038/nmeth.4295},
  abstract = {A statistical approach makes it possible to detect differentially abundant cell populations across biological conditions from high-dimensional mass cytometry data without relying on cell clustering.},
  copyright = {2017 Nature Publishing Group, a division of Macmillan Publishers Limited. All Rights Reserved.},
  file = {/Users/ed6/Zotero/storage/8YKUTGAS/Lun et al. - 2017 - Testing for differential abundance in mass cytomet.pdf;/Users/ed6/Zotero/storage/TJZQ4JIY/nmeth.html},
  journal = {Nature Methods},
  language = {en},
  number = {7}
}

@article{robinsonEdgeRBioconductorPackage2010a,
  title = {{{edgeR}}: A {{Bioconductor}} Package for Differential Expression Analysis of Digital Gene Expression Data},
  shorttitle = {{{edgeR}}},
  author = {Robinson, Mark D. and McCarthy, Davis J. and Smyth, Gordon K.},
  year = {2010},
  month = jan,
  volume = {26},
  pages = {139--140},
  publisher = {{Oxford Academic}},
  issn = {1367-4803},
  doi = {10.1093/bioinformatics/btp616},
  abstract = {Abstract.  Summary: It is expected that emerging digital gene expression (DGE) technologies will overtake microarray technologies in the near future for many fu},
  file = {/Users/ed6/Zotero/storage/55TYSW6S/Robinson et al. - 2010 - edgeR a Bioconductor package for differential exp.pdf;/Users/ed6/Zotero/storage/UGRA78R4/182458.html},
  journal = {Bioinformatics},
  language = {en},
  number = {1}
}

@article{settyWishboneIdentifiesBifurcating2016,
  title = {Wishbone Identifies Bifurcating Developmental Trajectories from Single-Cell Data},
  author = {Setty, Manu and Tadmor, Michelle D. and {Reich-Zeliger}, Shlomit and Angel, Omer and Salame, Tomer Meir and Kathail, Pooja and Choi, Kristy and Bendall, Sean and Friedman, Nir and Pe'er, Dana},
  year = {2016},
  month = jun,
  volume = {34},
  pages = {637--645},
  publisher = {{Nature Publishing Group}},
  issn = {1546-1696},
  doi = {10.1038/nbt.3569},
  abstract = {Cell differentiation is accurately modeled by an algorithm that orders single cells along branched developmental trajectories.},
  copyright = {2016 Nature Publishing Group, a division of Macmillan Publishers Limited. All Rights Reserved.},
  file = {/Users/ed6/Zotero/storage/QZ4STKQW/Setty et al. - 2016 - Wishbone identifies bifurcating developmental traj.pdf;/Users/ed6/Zotero/storage/RYWRV73I/nbt.html},
  journal = {Nature Biotechnology},
  language = {en},
  number = {6}
}


